@book{exact, place={Hampton, VA}, booktitle={The entry plasma sheath and its effects on space vehicle electromagnetic systems, volume I: Fourth plasma sheath symposium held at Langley Research Center, Hampton, Virginia, October 13-15, 1970}, publisher={Scientific and Technical Information Office, National Aeronautics and Space Administration; for sale by the National Technical Information Service, Springfield, Va.}, year={1971}, pages={3–33}} 
@book{Various, place={Hampton, VA}, booktitle={The entry plasma sheath and its effects on space vehicle electromagnetic systems, volume I: Fourth plasma sheath symposium held at Langley Research Center, Hampton, Virginia, October 13-15, 1970}, publisher={Scientific and Technical Information Office, National Aeronautics and Space Administration; for sale by the National Technical Information Service, Springfield, Va.}, year={1971}, pages={3–33}} 
@book{Park_1990, place={New York}, title={Nonequilibrium Hypersonic Aerothermodynamics}, publisher={Wiley}, author={Park, Chul}, year={1990}} 
@article{Park_1993, title={Review of chemical-kinetic problems of future NASA missions. I - earth entries}, volume={7}, DOI={10.2514/3.431}, number={3}, journal={Journal of Thermophysics and Heat Transfer}, author={Park, Chul}, year={1993}, pages={385–398}} 
@book{Dunn_Kang_1973, place={Washington, D.C.}, booktitle={Theoretical and Experimental Studies of Reentry Plasmas}, publisher={National Aeronautics and Space Administration}, author={Dunn, M. G. and Kang, Sang-Wook}, year={1973}}
@article{BLOTTNER_1969, title={Viscous shock layer at the stagnation point with Nonequilibrium Air Chemistry}, volume={7}, DOI={10.2514/3.5528}, number={12}, journal={AIAA Journal}, author={BLOTTNER, F. G.}, year={1969}, month={Dec}, pages={2281–2288}} 
@article{Kim_2016, title={Expansion of the equilibrium constants for the temperature range of 300K to 20,000K}, volume={17}, DOI={10.5139/ijass.2016.17.4.455}, number={4}, journal={International Journal of Aeronautical and Space Sciences}, author={Kim, Jae Gang}, year={2016}, pages={455–466}} 
@book{McBride_Zehe_Gordon_2002, place={Cleveland, OH}, booktitle={NASA glenn coefficients for calculating thermodynamic properties of individual species}, publisher={National Aeronautics and Space Administration, John H. Glenn Research Center at Lewis Field}, author={McBride, Bonnie J. and Zehe, Michael J. and Gordon, Sanford}, year={2002}} 
@article{Sawicki_Chaudhry_Boyd_2021, title={Influence of chemical kinetics models on plasma generation in Hypersonic Flight}, DOI={10.2514/1.j060615}, journal={AIAA Journal}, author={Sawicki, Pawel and Chaudhry, Ross S. and Boyd, Iain D.}, year={2021}, pages={1–10}} 
@book{BERNSTEIN_1979, place={New York}, title={Atom-Molecule Collision Theory: A Guide for the experimentalist}, publisher={Plenum Press}, author={BERNSTEIN, Richard B.}, year={1979}} 